/home/cheese63/Dropbox/thesis/papers.bib